% ------------------------------------------------------------------------
% SAMPLE BIBLIOGRAPHY FILE
% ------------------------------------------------------------------------
@article{downie2008mirex,
  title={The music information retrieval evaluation exchange (2005--2007): A window into music information retrieval research},
  author={J. Stephen Downie},
  journal={Acoustical Science and Technology},
  volume={29},
  number={4},
  pages={247-255},
  year={2008},
  doi={10.1250/ast.29.247}
}

@article{payette-flexible,
  title={{Flexible and extensible digital object and repository architecture(FEDORA)}},
  author={PAYETTE, S. and LAGOZE, C.},
  journal={Lecture notes in computer science},
  pages={41--59},
  publisher={Springer-Verlag},
  year={1998}
}

@book{lee2000jndi,
  title={{The JNDI API tutorial and reference: building directory-enabled Java applications}},
  author={Lee, R. and Seligman, S.},
  year={2000},
  publisher={Addison-Wesley Longman Publishing Co., Inc. Boston, MA, USA}
}

@conference{witten2000greenstone,
  title={{Greenstone: a comprehensive open-source digital library software system}},
  author={Witten, I.H. and Boddie, S.J. and Bainbridge, D. and McNab, R.J.},
  booktitle={Proceedings of the fifth ACM conference on Digital libraries},
  pages={113--121},
  year={2000},
  organization={ACM New York, NY, USA}
}

@conference{mckay2005ace,
  title={{ACE: A framework for optimizing music classification}},
  author={McKay, C. and Fiebrink, R. and McEnnis, D. and Li, B. and Fujinaga, I.},
  booktitle={Proceedings of the International Conference on Music Information Retrieval},
  pages={42--9},
  year={2005},
  organization={Citeseer}
}

@conference{mckay2009jmir,
  title={{jMIR: Tools for automatic music classification}},
  author={McKay, C. and Fujinaga, I.},
  booktitle={Proceedings of the International Computer Music Conference},
  year={2009}
}

@article{casey2008audiodb,
  title={{AudioDB: Scalable approximate nearest-neighbor search with automatic radius-bounded indexing.}},
  author={Casey, M.},
  journal={The Journal of the Acoustical Society of America},
  volume={124},
  pages={2571},
  year={2008}
}

@conference{de2007designing,
  title={{Designing the myexperiment virtual research environment for the social sharing of workflows}},
  author={De Roure, D. and Goble, C. and Stevens, R.},
  booktitle={Proceedings of the Third IEEE International Conference on e-Science and Grid Computing},
  pages={603--610},
  year={2007},
  organization={IEEE Computer Society Washington, DC, USA}
}

@conference{mcennis2006overview,
  title={{Overview of OMEN}},
  author={McEnnis, D. and McKay, C. and Fujinaga, I.},
  booktitle={Proceedings of the International Conference on Music Information Retrieval},
  pages={7--12},
  year={2006},
  organization={Citeseer}
}

@conference{cannam2006sonic,
  title={{The sonic visualiser: A visualisation platform for semantic descriptors from musical signals}},
  author={Cannam, C. and Landone, C. and Sandler, M. and Bello, J.P.},
  booktitle={Proceedings of the International Conference on Music Information Retrieval},
  pages={324--7},
  organization={Citeseer},
  year={2006}
}

@conference{raimond2007music,
  title={{The music ontology}},
  author={Raimond, Y. and Abdallah, S. and Sandler, M. and Giasson, F.},
  booktitle={Proceedings of the International Conference on Music Information Retrieval},
  pages={417--422},
  year={2007}
}

@article{witten1999wpm,
  title={{Weka: Practical Machine Learning Tools and Techniques with Java Implementations}},
  author={Witten, I.H. and Frank, E. and Trigg, L. and Hall, M. and Holmes, G. and Cunningham, S.J.},
  journal={ICONIP/ANZIIS/ANNES},
  pages={192--196},
  year={1999}
}

@conference{west2006iml,
  title={{Incorporating machine-learning into music similarity estimation}},
  author={West, K. and Cox, S. and Lamere, P.},
  booktitle={Proceedings of the 1st ACM workshop on Audio and music computing multimedia},
  pages={89--96},
  year={2006},
  organization={ACM Press New York, NY, USA}
}


@article{levy2006lmt,
  title={{Lightweight measures for timbral similarity of musical audio}},
  author={Levy, M. and Sandler, M.},
  journal={Proceedings of the 1st ACM workshop on Audio and music computing multimedia},
  pages={27--36},
  year={2006},
  publisher={ACM Press New York, NY, USA}
}

@article{taguesutcliffe1995sat,
  title={{A Statistical Analysis of the TREC-3 Data}},
  author={Tague-Sutcliffe, J. and Blustein, J.},
  journal={Overview of the Third Text Retrieval Conference (Trec-3)},
  year={1995},
  publisher={DIANE Publishing}
}

@book{berenson1983ism,
  title={{Intermediate statistical methods and applications: a computer package approach}},
  author={Berenson, M.L. and Levine, D.M. and Goldstein, M.},
  year={1983},
  publisher={Prentice-Hall}
}

@book{conover1980pns,
  title={{Practical Nonparametric Statistics}},
  author={Conover, W.J.},
  year={1980},
  publisher={[Sl: sn}
}

@article{li2003csc,
  title={{A comparative study on content-based music genre classification}},
  author={Li, T. and Ogihara, M. and Li, Q.},
  journal={Proceedings of the 26th annual international ACM SIGIR conference on Research and development in informaion retrieval},
  pages={282--289},
  year={2003},
  publisher={ACM Press New York, NY, USA}
}

@misc{keerthi2001ips,
  title={{Improvements to Platt's SMO Algorithm for SVM Classifier Design}},
  author={Keerthi, SS and Shevade, SK and Bhattacharyya, C. and Murthy, KRK},
  journal={Neural Computation},
  volume={13},
  number={3},
  pages={637--649},
  year={2001},
  publisher={MIT Press}
}

@article{platt1999fts,
  title={{12 Fast Training of Support Vector Machines Using Sequential Minimal Optimization}},
  author={Platt, J.C.},
  journal={Advances in Kernel Methods: Support Vector Learning},
  year={1999},
  publisher={MIT Press}
}

@book{oppenheim1989dts,
  title={{Discrete-time signal processing}},
  author={Oppenheim, A.V. and Schafer, R.W.},
  year={1989},
  publisher={Prentice-Hall, Inc. Upper Saddle River, NJ, USA}
}

@article{schein2002mam,
  title={{Methods and metrics for cold-start recommendations}},
  author={Schein, A.I. and Popescul, A. and Ungar, L.H. and Pennock, D.M.},
  journal={Proceedings of the 25th annual international ACM SIGIR conference on Research and development in information retrieval},
  pages={253--260},
  year={2002},
  publisher={ACM Press New York, NY, USA}
}

@article{bennett2000svm,
  title={{Support vector machines: hype or hallelujah?}},
  author={Bennett, K.P. and Campbell, C.},
  journal={ACM SIGKDD Explorations Newsletter},
  volume={2},
  number={2},
  pages={1--13},
  year={2000},
  publisher={ACM Press New York, NY, USA}
}

@article{cortes1995svn,
  title={{Support-vector networks}},
  author={Cortes, C. and Vapnik, V.},
  journal={Machine Learning},
  volume={20},
  number={3},
  pages={273--297},
  year={1995},
  publisher={Springer}
}

@inproceedings{west2004fac,
  title={{Features and classifiers for the automatic classification of musical audio signals}},
  author={West, K. and Cox, S.},
  booktitle = {Proceedings of ISMIR 2004 Fifth International Conference on Music Information Retrieval},
  year={2004}
}

@article{bergstra2006mfa,
  title={{Meta-features and adaboost for music classification}},
  author={Bergstra, J. and Casagrande, N. and Erhan, D. and Eck, D. and Kegl, B.},
  journal={Machine Learning Journal: Special Issue on Machine Learning in Music},
  year={2006}
}

@ inproceedings{burred2003haa,
  title={{A hierarchical approach to automatic musical genre classification}},
  author={Burred, J.J. and Lerch, A.},
  booktitle ={Proc. of the International Conf. on Digital Audio Effects},
  year={2003}
}

@article{aucouturier2004its,
  title={{Improving timbre similarity: How high is the sky}},
  author={Aucouturier, J.J. and Pachet, F.},
  journal={Journal of Negative Results in Speech and Audio Sciences},
  volume={1},
  number={1},
  pages={1--13},
  year={2004}
}

@inproceedings{bello2005rml,
  title={{A robust mid-level representation for harmonic content in music signals}},
  author={Bello, J.P. and Pickens, J.},
  booktitle ={Proceedings of ISMIR 2005 Sixth International Conference on Music Information Retrieval},
  year={2005}
}

@inproceedings{mandel2005slf,
  title={{Song-Level Features and Support Vector Machines for Music Classification}},
  author={Mandel, M. and Ellis, D.},
  booktitle ={Proceedings of ISMIR 2005 Sixth International Conference on Music Information Retrieval},
  year={2005}
}

@inproceedings{ logan-mel,
  author = {Beth Logan},
  title = {Mel frequency cepstral coefficients for music modeling},
  booktitle = {Proceedings of the First International Symposium on Music Information Retrieval (ISMIR)},
  year = {2000},
  month = {October}
}

@article{bello2005tod,
  title={{A Tutorial on Onset Detection in Music Signals}},
  author={Bello, JP and Daudet, L. and Abdallah, S. and Duxbury, C. and Davies, M. and Sandler, MB},
  journal={Speech and Audio Processing, IEEE Transactions on},
  volume={13},
  number={5},
  pages={1035--1047},
  year={2005}
}

@InProceedings{dixon2006revisit,
  title={{Onset Detection Revisited}},
  author={S. Dixon},
  booktitle={Proceedings of the 9th International Conference on Digital Audio Effects, Montreal.},
  year={2006},
  month={september},
  pages={133-137}
}

@article{ciaccia1997mte,
  title={{M-tree: An efficient access method for similarity search in metric spaces}},
  author={Ciaccia, P. and Patella, M. and Zezula, P.},
  journal={Proceedings of the 23rd International Conference on Very Large Data Bases},
  pages={426--435},
  year={1997}
}

@MISC{MIREX05mandel,
	author = "Michael Mandel and Daniel Ellis",
  	title = "Song-Level Features And Support Vector Machines For Music Classification",
	howpublished = "\url{http://www.music-ir.org/evaluation/mirex-results/articles/audio_genre/mandel.pdf}",
	MONTH = "October", 
	YEAR = "2005"	
}

@MISC{MIREX06onset,
	AUTHOR = "J. Stephen Downie and Paul Brossier and Pierre Leveau ",
	TITLE = "MIREX2006: Audio Onset Detection",
	howpublished = "\url{http://www.music-ir.org/mirexwiki/index.php/Audio_Onset_Detection}",
	MONTH = "October", 
	YEAR = "2006"	
}

@MISC{MIREX06AudioSim,
	AUTHOR = "J. Stephen Downie and Kris West and Paul Lamere and Elias Pampalk",
	TITLE = "MIREX2006: Audio Music Similarity and Retrieval",
	howpublished = "\url{http://www.music-ir.org/mirex2006/index.php/Audio_Music_Similarity_and_Retrieval}",
	MONTH = "October", 
	YEAR = "2006"	
}

@MISC{MIREX06onsetdixon,
	AUTHOR = "Simon Dixon",
	TITLE = "Simple Spectrum-Based Onset Detection",
	howpublished = "\url{http://www.music-ir.org/evaluation/MIREX/2006_abstracts/OD_dixon.pdf}",
	MONTH = "October", 
	YEAR = "2006"	
}

@MISC{MIREX06onsetroebel,
	AUTHOR = "Axel Robel",
	TITLE = "Onset Detection in Polyphonic Signals by means of Transient Peak Classification",
	howpublished = "\url{http://www.music-ir.org/evaluation/MIREX/2006_abstracts/OD_roebel.pdf}",
	MONTH = "October", 
	YEAR = "2006"	
}

@MISC{MIREX06onsetbrossier,
	AUTHOR = "Paul Brossier",
	TITLE = "The Aubio Library at MIREX 2006",
	howpublished = "\url{http://www.music-ir.org/evaluation/MIREX/2006_abstracts/AME_BT_OD_TE_brossier.pdf}",
	MONTH = "October", 
	YEAR = "2006"	
}

@MISC{MIREX06onsetDu,
	AUTHOR = "Yunfeng Du and Ming Li and Jian Liu",
	TITLE = "MIREX 2006: Spectral-flux based Musical Onset Detection",
	howpublished = "\url{http://www.music-ir.org/evaluation/MIREX/2006_abstracts/OD_du.pdf}",
	MONTH = "October", 
	YEAR = "2006"	
}

@article{casey2007frr,
  title={{Fast Recognition of Remixed Music Audio}},
  author={Casey, M. and Slaney, M.},
  journal={Acoustics, Speech and Signal Processing, 2007. ICASSP 2007. IEEE International Conference on},
  volume={4},
  year={2007}
}

@ InProceedings{jones2007hsj,
  title={"Human Similarity Judgements: Implications for the Design of Formal Evaluations"},
  author="M.C. Jones and J.S. Downie and A.F. Ehmann",
  BOOKTITLE ="Proceedings of ISMIR  2007 International Society of Music Information Retrieval",
  year="2007"
}

@InProceedings{albumeffect,
	AUTHOR = "Y.E. Kim and D.S. Williamson and S. Pilli",
	TITLE = "Towards Quantifying the “Album Effect” in Artist Identification",
	BOOKTITLE = "Proceedings of ISMIR 2006 Seventh International Conference on Music Information Retrieval",
	MONTH = "September", 
	YEAR = "2006"	
}
	
@article{kim:tqa,
  title={{Towards quantifying the album effect in artist identification}},
  author={Kim, Y.E. and Williamson, D.S. and Pilli, S.},
  journal={Proc. Int. Conf. on Music Information Retrieval (ISMIR)},
  pages={393--394},
  year={2006}
}

@InProceedings{ logan00music,
  author = "B. Logan",
  title = "Music summarization using key phrases",
  booktitle = "Proceedings of the International Conference on Audio, Speech and Signal Processing, ICASSP.",
  year = "2000"
 }

@INPROCEEDINGS{nokiaChorus,
    Author         = {A. Eronen},
    Booktitle      = {Proceedings of the 10th International Conference on Digital Audio Effects {(DAFx-07)}},
    Month          = {September},
    Title          = "Chorus detection with combined use of MFCC and Chroma features and image processing filters",
    Year           = {2007}
}

@ InProceedings{ huronCognitive,
  author = "D. Huron and B. Aarden",
  title = "Perceptual and cognitive applications in music information retrieval.",
  booktitle = 	 {Proceedings of ISMIR 2000, 1st International Symposium on Music Information Retrieval},
  year = 	 {2000},
  month = 	 {October}
}

@ InProceedings{ foote02preview,
  author = "M. Cooper and J. Foote",
  title = "Automatic Music Summarization via Similarity Analysis",
  booktitle = 	 {Proceedings of ISMIR 2002 Third International Conference on Music Information Retrieval},
  year = 	 {2002},
  month = 	 {September}
}

@MASTERSTHESIS{ mckay04automatic,
  author = "C. McKay",
  title = "Automatic genre classification of MIDI recordings",
  school = "McGill University, Canada.",
  year = "2004",
  url = "citeseer.ist.psu.edu/article/mckay04automatic.html" 
}

@misc{ Evaluating-a-simple-1822671,
affiliation = "jdownie at uiuc.edu, Graduate School of Library and Information Science, University of Illinios at Urbana-Champaign",
author = "J. Stephen Downie",
dateentryedited = "Jordan Seymour",
entryeditor = "03112002",
keywords = "music information retrieval, information retrieval, informetrics, informetric modeling, information systems, information system evaluation",
title = "Evaluating a simple approach to music information retrieval",
type = "other",
url = "http://alexia.lis.uiuc.edu/\~jdownie/mir_papers/thesis_missing_some_music_figs.pdf",
year = "1999"
}

@PHDTHESIS{Typke2007thesis,
   author = {Rainer Typke},
   title = {Music Retrieval based on Melodic Similarity},
   school = {Utrecht University},
   address = {Netherlands},
   month = {February},
   year = {2007},
   url = {http://rainer.typke.org/publications/music-IR-melodic-similarity.pdf}
}

@PHDTHESIS{auc:thesis,
   author = {J.-J Aucouturier},
   title = {Ten experiments on the modelling of polyphonic timbre},
   school = { University of Paris 6},
   address = {France},
   month = {June},
   year = {2006},
   url = {http://www.jj-aucouturier.info/papers/PHD-2006.pdf}
}

@MISC{musicgenome,
	AUTHOR = "T. Westergren",
	TITLE = "The Music Genome Project",
	howpublished = "\url{http://www.pandora.com/mgp.shtml}" }

@InProceedings{lidy:ImproveGenre,
	AUTHOR = "T. Lidy and A. Rauber and A. Pertusa and J. M. Iñesta",
	TITLE = "Improving Genre Classification by Combination of Audio and Symbolic Descriptors Using a Transcription System",
	BOOKTITLE = "Proceedings of ISMIR 2007 Sixth International Conference on Music Information Retrieval",
	MONTH = "September", 
	YEAR = "2007"	}

@InProceedings{collaborativeFiltering,
	AUTHOR = "J. Herlocker and J. Konstan and A. Borchers and J. Riedl",
	TITLE = "An Algorithmic Framework for Performing Collaborative Filtering",
	BOOKTITLE = "Proceedings of the 1999 Conference on Research and Development in Information Retrieval",
	MONTH = "August", 
	YEAR = "1999"	}

@BOOK{CommSystems,
	AUTHOR = "R. E. Ziemer and W. H. Tranter",
	TITLE = "Principles of Communications: Systems, Modulation and Noise",
	PUBLISHER = "Wiley and Sons, New York",
	YEAR = "2002"	}

@BOOK{mp3,
	AUTHOR = "Scot Hacker",
	TITLE = "MP3: The Definitive Guide",
	PUBLISHER = "O'Reilly",
	YEAR = "2000"	}

@ARTICLE{mermelstein,
	AUTHOR = "S. B. Davis and P. Mermelstein",
	TITLE = "Comparison of Parametric Representations for Monosyllabic Word Recognition in Continuously Spoken Sentences",
	JOURNAL = "IEEE Transactions on Acoustics, Speech and Signal Processing",
	VOLUME = "ASSP-28, No. 4",
	PAGES = "357-366",
	MONTH = "August",
	YEAR = "1980"	}

@InProceedings{auc:whatuse,
  author = 	 {J-J. Aucouturier and F. Pachet},
  title = 	 {Music similarity measures: What's the use?},
  booktitle = 	 {Proceedings of ISMIR 2002 Third International Conference on Music Information Retrieval},
   year = 	 {2002},
  month = 	 {September}
}

@InProceedings{logan:musicsim,
	AUTHOR = "B. Logan and A. Salomon",
	TITLE = "A Music Similarity Function Based on Signal Analysis",
	BOOKTITLE = "Proceedings of IEEE International Conference on Multimedia and Expo (ICME)",
	MONTH = "August", 
	YEAR = "2001"	}

@InProceedings{pampalk:improve,
	AUTHOR = "E. Pampalk and  A. Flexer and G. Widmer",
	TITLE = "Improvements of audio-based music similarity and genre classification",
	BOOKTITLE = "Proceedings of ISMIR 2005 Sixth International Conference on Music Information Retrieval",
	MONTH = "September", 
	YEAR = "2005"	}

@PHDTHESIS{pampalk:thesis,
	AUTHOR = "E. Pampalk",
	TITLE = "Computational Models of Music Similarity and their Application in Music Information Retrieval",
	SCHOOL = "Johannes Kepler University, Linz",
        MONTH = "March",
	YEAR = "2006"	}

@MISC{longtail,
	AUTHOR = "Chris Anderson",
	TITLE = "The Long Tail",
	howpublished = "\url{http://www.thelongtail.com}",
	MONTH = "April", 
	YEAR = "2006"	}

@InProceedings{pampalk:dynamic,
	AUTHOR = "E. Pampalk and  T. Pohle and G. Widmer",
	TITLE = "Dynamic Playlist Generation based on skipping behaviour",
	BOOKTITLE = "Proceedings of ISMIR 2005 Sixth International Conference on Music Information Retrieval",
	MONTH = "September", 
	YEAR = "2005"	}
	
@article{west:likely,
  title={{A model-based approach to constructing music similarity functions}},
  author={West, K. and Lamere, P.},
  journal={EURASIP Journal on Advances in Signal Processing},
  pages={1--10},
  year={2007}
}


@InProceedings{speccon,
	AUTHOR = "D.-N. Jiang and L. Lu and H.-J. Zhang and J.-H. Tao and L.-H. Cai",
	TITLE = "Music type classification by spectral contrast feature",
	BOOKTITLE = "Proceedings of IEEE International Conference on Multimedia and Expo (ICME)", 
	YEAR = "2002"	}

@InProceedings{west:optimal,
	AUTHOR = "K. West and S. Cox",
	TITLE = "Finding an optimal segmentation for audio genre classification",
	BOOKTITLE = "Proceedings of ISMIR 2005 Sixth International Conference on Music Information Retrieval",
	MONTH = "September",
	YEAR = "2005"	}

@ARTICLE{lidstone,
	AUTHOR = "G. J. Lidstone",
	TITLE = "Note on the general case of the bayes laplace formula for inductive or a posteriori probabilities",
	JOURNAL = "Transactions of the Faculty of Actuaries",
	VOLUME = "8",
	PAGES = "182-192",
	MONTH = "November",
	YEAR = "1920"	}

@BOOK{kuncheva:combining,
	AUTHOR = "L. Kuncheva",
	TITLE = "Combining Pattern Classifiers, Methods and Algorithms",
	PUBLISHER = "Wiley-Interscience",
	YEAR = "2004"	}

@BOOK{infoRetrieve,
	AUTHOR = "R. Baeza-Yates and B. Ribeiro-Neto",
	TITLE = "Modern Information Retrieval",
	PUBLISHER = "Addison-Wesley Publishing Company",
	YEAR = "1999"	}

@InProceedings{ellis:anchor,
	AUTHOR = "A. Berenzweig and D. Ellis and S. Lawrence",
	TITLE = "Anchor space for classification and similarity measurement of music",
	BOOKTITLE = "Proceedings of IEEE International Conference on Multimedia and Expo (ICME)",
	YEAR = "2003"	}

@MISC{magnatune,
	AUTHOR = "John Buckman",
	TITLE = "Magnatune: MP3 music and music licensing",
	howpublished = "\url{http://magnatune.com}",
	MONTH = "April", 
	YEAR = "2006"	}

@article{downie2006mir,
  title={{The Music Information Retrieval Evaluation eXchange (MIREX)}},
  author={Downie, J.S.},
  journal={D-Lib Magazine},
  volume={12},
  number={12},
  pages={1082--9873},
  year={2006}
}

@MISC{MIREX,
	AUTHOR = "K. West and E. Pampalk and P. Lamere",
	TITLE = "MIREX 2006 - Audio Music Similarity and Retrieval",
	howpublished = "\url{http://www.music-ir.org/mirex2006/index.php/ Audio\_Music\_Similarity\_and\_Retrieval}",
	MONTH = "April", 
	YEAR = "2006"	}

@TECHREPORT{mds,
	AUTHOR = "A. Buja and D. Swayne",
	TITLE = "Visualization methodology for multidimensional scaling",
	TEXT = "Buja, A. & Swayne, D. F. (2001). Visualization methodology for multidimensional scaling. Preprint.",
	YEAR = "2001",
	howpublished = "\url{citeseer.ist.psu.edu/buja01visualization.html}" }

@TechReport{MuConAnal,
  author = 	 {Keith~D~Martin and Eric~D~Scheirer and Barry~L~Vercoe},
  title = 	 {Music Content Analysis through Models of Audition},
  institution =  {MIT Media Laboratory Machine Listening Group, Cambridge MA USA},
  year = 	 {1998},
  month = 	 {September}
}

@article{paulus2002msr,
  title={{Measuring the similarity of rhythmic patterns}},
  author={Paulus, J. and Klapuri, A.},
  journal={Proc. ISMIR},
  volume={2002},
  year={2002}
}

@Article{TBAAMS,
  author = 	 {Eric~D~Scheirer},
  title = 	 {Tempo and beat analysis of acoustic musical signals},
  journal = 	 {Acoustical Society of America},
  year = 	 {1998},
  volume = 	 {103},
  number = 	 {1},
  pages = 	 {588-601},
  month = 	 {January}
}

@TechReport{ComMRBI,
  author = 	 {Adam~Findley},
  title = 	 {A Comparison of Models for Rhythmical Beat Induction},
  institution =  {Center for Research in Computing and the Arts, University of California, San Diego},
  year = 	 {2002},
  month = 	 {March}
}

@PhdThesis{MuListenSys,
  author = 	 {Eric~D~Scheirer},
  title = 	 {Music-Listening Systems},
  school = 	 {Program in Media Arts and Sciences, School of Architecture and Planning, Massachusetts Institute of Technology},
  year = 	 {2000},
  month = 	 {June}
}

@TechReport{PreDrive,
  author = 	 {Daniel~P~W~Ellis},
  title = 	 {Prediction-driven computational auditory scene analysis for dense sound mixtures},
  institution =  {International Computer Science Institute, Berkeley CA},
  year = 	 {1996},
  address = 	 {94704 U.S.A},
  month = 	 {July}
}

@TechReport{LocSegDrums,
  author = 	 {Toni~Heittola and Anssi~Klapuri},
  title = 	 {Locating segments with drums in music signals},
  institution =  {Tampere University of Technology},
  year = 	 {2002}
}

@Article{MuInID,
  author = 	 {Keith~D~Martin and Youngmoo~E~Kim},
  title = 	 {Musical instrument identification: A pattern-recognition approach},
  journal = 	 {Acoustical Society of America},
  year = 	 {1998},
  month = 	 {October}
}

@PhdThesis{PreDrive2,
  author = 	 {Daniel~P~W~Ellis},
  title = 	 {Prediction-driven computational auditory scene analysis},
  school = 	 {Department of Electrical Engineering and Computer Science, Massachusetts Institute of Technology},
  year = 	 {1996},
  month = 	 {June}
}

@TechReport{RecogMuTypes,
  author = 	 {Hagen~Soltau and Tanja~Schultz and Martin~Westphal and Alex~Waibel},
  title = 	 {Recognition of music types},
  institution =  {Interactive Systems Laboratories, University of Karlsruhe (Germany), Carnegie Mellon University (USA)},
  year = 	 {1998}
}

@TechReport{RhyMoSynth,
  author = 	 {Tae-hoon~Kim and Sang~Il~Park and Sung~Yong~Shin},
  title = 	 {Rhythmic-Motion Synthesis Based on Motion-Beat Analysis},
  institution =  {Korea Advanced Institute of Science and Technology},
  year = 	 {2003}
}

@TechReport{MaLearnMuRec,
  author = 	 {Roger~B~Dannenberg and Belinda~Thom and David~Watson},
  title = 	 {A Machine Learning Approach to Musical Style Recognition},
  institution =  {School of Computer Science, Carnegie Mellon University},
  year = 	 {1998}
}

@Book{FunMuAcc,
  author = 	 {Arthur~H~Benade},
  title = 	 {Fundamentals of musical accoustics},
  publisher = 	 {Oxford University press},
  year = 	 {1976}
}

@Book{MusBrain,
  ALTauthor = 	 {},
  editor = 	 {Macdonald~Critchley and R~A~Henson},
  title = 	 {Music and the Brain},
  publisher = 	 {William Heinemann medical books limited},
  year = 	 {1977}
}

@PhdThesis{timbreInterval,
  author = 	 {Liesch,~Barry~Wayne},
  title = 	 {The effect of timbre and musical context on interval recognition},
  school = 	 {University of California, San Diego},
  year = 	 {1979}
}

@Book{MuStructCog,
  editor = 	 {Peter~Howell and Ian~Cross and Robert~West},
  title = 	 {Musical Structure and Cognition},
  publisher = 	 {Academic Press, Inc.},
  year = 	 {1985}
}


@InProceedings{RhyMultiHyp,
  author = 	 {D~Rosenthal and M~Goto and Y~Muraoka},
  title = 	 {Rhythm tracking using multiple hypotheses},
  booktitle = 	 {Proceedings of the 1994 Intl. Computer Music Conf., 85087},
  year = 	 {1994},
}

@InProceedings{BeatTrackAudSig,
  author = 	 {Simon~Dixon},
  title = 	 {A beat tracking system for audio signals},
  booktitle = 	 {in Proceedings of the 1999 Diderot Forum on Mathematics and Music, Austrian Computer Society.},
  pages = 	 {101-110},
  year = 	 {1999},
  organization = {Austrian Computer Society}
}

@InProceedings{BeatTrackMuAgent,
  author = 	 {M~Goto and Y~Muraoka},
  title = 	 {Beat tracking based on multiple-agent architecture -- {A} real-time beat tracking system for audio signals},
  booktitle = 	 {Proceedings of the First International Conference on Multi-Agent Systems (1995)},
  year = 	 {1995},
  organization = {MIT},
  publisher = {MIT Press}
}

@InProceedings{BeatTrackLiMuAgent,
  author = 	 {Simon~Dixon},
  title = 	 {A lightweight multi-agent musical beat tracking system},
  booktitle = 	 {PRICAI 2000: Proceedings of the Pacific Rim International Conference on Artificical Intelligence},
  pages = 	 {778-788},
  year = 	 {2000}
}

@Article{AuExtractBeatExpress,
  author = 	 {Simon~Dixon},
  title = 	 {Automatic Extraction of Tempo and Beat from Expressive Performances},
  journal = 	 {New Music Research},
  year = 	 {2001},
  volume = 	 {30}
}

@PhdThesis{SchlossPhd,
  author = 	 {Schloss,~W},
  title = 	 {On the Automatic Transcription of Percussive Music: From Accoustic Signal to High Level Analysis},
  school = 	 {Stanford University, CCRMA.},
  year = 	 {1985}
}

@InProceedings{OnsetAccPiano,
  author = 	 {Simon~Dixon},
  title = 	 {Learning to Detect Onsets of Acoustic Piano Tones},
  booktitle = 	 {Proceedings of the 2001 MOSART Workshop on Current Research Directions in Computer Music, Barcelona, Spain},
  year = 	 {2001},
  month = 	 {November}
}

@TechReport{MuGenClassSVM,
  author = 	 {Changsheng~Xu and Namunu~C~Maddage and Xi~Shao and Fang~Cao and Qi~Tian},
  title = 	 {Musical genre classification using support vector machines},
  institution =  {Laboratories for Information Technology, 21 Heng Mui Keng Terrace, Singapore 119613},
  year = 	 {2003}
}


@InProceedings{AuMuGenreClass,
  author = 	 {George~Tzanetakis and Georg~Essl and Perry~Cook},
  title = 	 {Automatic Musical Genre Classification Of Audio Signals},
  booktitle = 	 {Proceedings of ISMIR 2001: The International Conference on Music Information Retrieval and Related Activities},
  year = 	 {2001}
}


@TechReport{HMMMusicGenre,
  author = 	 {Igor~Karpov},
  title = 	 {Hidden {M}arkov Classification for Musical Genres},
  institution =  {Rice University},
  year = 	 {2002}
}

@TechReport{NNMusicGenre,
  author = 	 {Cory~Mckay},
  title = 	 {Using neural network for musical genre classification},
  institution =  {Faculty of Music, McGill University, Montreal, Quebec, Canada},
  year = 	 {2003}
}

@TechReport{RBFMusicGenre,
  author = 	 {Douglas~Turnbull},
  title = 	 {Improving Musical Genre Classification with RBF Networks},
  institution =  {Department of Computer Science and Engineering, University of California, San Diego, La Jolla, California 92037-0114},
  year = 	 {2003}
}


@TechReport{MuTypeSpecContrast,
  author = 	 {Dan-Ning~Jiang and Lie~Lu and Hong-Jiang~Zhang and Jian-Hua~Tao and Lian-Hong~Cai},
  title = 	 {Music type classification by spectral contrast feature},
  institution =  {Department of Computer Science and Technology, Tsinghua University, China and Microsoft Research, Asia},
  year = 	 {2002}
}

@TechReport{MusicClassNN,
  author = 	 {Paul~Scott},
  title = 	 {Music Classification using Neural Networks},
  institution =  {Stanford University, Stanford, CA 94305},
  year = 	 {2001}
}

@TechReport{MuClassIDSystem,
  author = 	 {Alan~P~Schmidt and Trevor~K~M~Stone},
  title = 	 {Music classification and identification system},
  institution =  {Department of Computer Science, University of Colorado, Boulder},
  year = 	 {2002}
}

@TechReport{FeatureDriveMuStyle,
  author = 	 {Pedro~J~Ponce~de~Le\'on and Jos\'e~M~I√±esta},
  title = 	 {Feature-driven recognition of music styles},
  institution =  {Departamento de Lenguajes y Sistemas Inform\'aticos, Universidad de Alicante, Ap. 99, E-03080 Alicante, Spain},
  year = 	 {2003}
}

@Article{MuGenClassAuSignals,
  author = 	 {George~Tzanetakis and Perry~Cook},
  title = 	 {Musical Genre Classification of Audio Signals},
  journal = 	 {IEEE Transactions on Speech and Audio Processing},
  year = 	 {2002},
  volume = 	 {10},
  number = 	 {5},
  pages = 	 {293-302},
  month = 	 {July}
}

@InProceedings{peeters2006mke,
  title={{Musical key estimation of audio signal based on hidden Markov modeling of chroma vectors}},
  author={Peeters, G.},
  booktitle ={Proceedings of the Ninth International Conference on Digital Audio Effects (DAFx-06)},
  pages={127--131},
  year={2006}
}

@InProceedings{gouyon2004dmc,
  title={{Dance music classification: A tempo-based approach}},
  author={Gouyon, F. and Dixon, S.},
  booktitle ={Proceedings of the Fifth International Conference on Music Information Retrieval (ISMIR) 2004},
  pages={501--504},
  year={2004}
}

@article{jensen2008tid,
  title={{A TEMPO-INSENSITIVE DISTANCE MEASURE FOR COVER SONG IDENTIFICATION BASED ON CHROMA FEATURES}},
  author={Jensen, J.H. and Christensen, MG and Ellis, DPW and Jensen, S.H.},
  journal={Proceedings of the IEEE International Conference on Acoustics, Speech, and Signal Processing},
  pages={2209--2212},
  year={2008}
}


@InProceedings{MuClassPeriod,
  author = 	 {Simon~Dixon and Elias~Pampalk and Gerhard~Widmer},
  title = 	 {Classification of Dance Music by Periodicity Patterns},
  booktitle = 	 {Proceedings of the Fourth International Conference on Music Information Retrieval (ISMIR) 2003},
  pages = 	 {159-166},
  year = 	 {2003},
  address = 	 {Austrian Research Institute for AI, Freyung 6/6, Vienna 1010, Austria}
}

@InProceedings{SciEval,
  author = 	 {J~Stephen~Downie},
  title = 	 {Towards the Scientific Evaluation of Music Retrieval Systems},
  booktitle = 	 {Proceedings of the Fourth International Conference on Music Information Retrieval (ISMIR) 2003},
  pages = 	 {25-32},
  year = 	 {2003},
  address = 	 {Graduate School of Library and Information Science, University of Illinois at Urbana-Champaign}
}

@InProceedings{FeatureAudioClass,
  author = 	 {Martin~F~McKinney and Jeroen~Breebaart},
  title = 	 {Features for Audio and Music Classification},
  booktitle = 	 {Proceedings of the Fourth International Conference on Music Information Retrieval (ISMIR) 2003},
  pages = 	 {151-158},
  year = 	 {2003},
  address = 	 {Philips Research Laboratories, Prof. Holstlaan 4 (WY82, 5656 AA Eindhoven, The Netherlands}
}

@InProceedings{P2PMusicContent,
  author = 	 {George~Tzanetakis and Jun~Gao and Peter~Steenkiste},
  title = 	 {A Scalable Peer-to-Peer System for Music Content and Information Retrieval},
  booktitle = 	 {Proceedings of the Fourth International Conference on Music Information Retrieval (ISMIR) 2003},
  pages = 	 {209-214},
  year = 	 {2003},
  address = 	 {Computer Science, Carnegie Mellon University, 5000 Forbes Avenue, Pittsburgh, PA 15218}
}


@InProceedings{ground_truth,
  author = 	 {Robert~J~Turetsky and Daniel~P~W~Ellis},
  title = 	 {Ground-Truth Transcriptions of Real Music from Force-Aligned MIDI Syntheses},
  booktitle = 	 {Proceedings of the Fourth International Conference on Music Information Retrieval (ISMIR) 2003},
  pages = 	 {135-141},
  year = 	 {2003},
  address = 	 {LabROSA, Department of Electrical Engineering, Columbia University, New York NY 10027, USA}
}

@InCollection{cogadfcbr,
  author = 	 {D~Li and I~Sethi and N~Dimitrova and T~McGee},
  title = 	 {Classification of General Audio Data for Content-Based Retrieval},
  booktitle = 	 {Pattern Recognition Letters},
  pages = 	 {533-544},
  volume = 	 {22}
}


@TechReport{Phase,
  author = 	 {Juan~Pablo~Bello and Mark~Sandler},
  title = 	 {Phase-Based note onset detection for music signals},
  institution =  {Department of Electronic Engineering, Queen Mary, University of London, Mile End Road, London E1 4NS},
  year = 	 {2003}
}


@TechReport{Complex,
  author = 	 {Chris~Duxbury and Juan~Pablo~Bello and Mike~Davis and Mark~Sandler},
  title = 	 {Complex domain onset detection for musical signals},
  institution =  {Department of Electronic Engineering, Queen Mary, University of London, Mile End Road, London E1 4NS},
  year = 	 {2003}
}

@Book{CART,
  author = 	 {Leo~Breiman and Jerome~H~Friedman and Richard~A~Olshen and Charles~J~Stone },
  ALTeditor = 	 {Andrea Cava},
  title = 	 {Classification and Regression Trees},
  publisher = 	 {Wadsworth and Brooks/Cole Advanced books and Software},
  year = 	 {1984},
}

@Book{WEBB,
  author = 	 {Andrew~Webb},
  ALTeditor = 	 {Andrew~Webb},
  title = 	 {Statistical Pattern Recognition},
  publisher = 	 {John Wiley and Sons, Ltd},
  year = 	 {2002}
}

 @Book{MUT_INF,
  author = 	 {Behnaam~Aazhang},
  ALTeditor = 	 {Behnaam~Aazhang},
  title = 	 {A description of mutual information between two random variables with examples.},
  publisher = 	 {Connexions, Rice University, http://cnx.rice.edu/content/m10178/latest/},
  year = 	 {2004}
}

@Inproceedings{ potkonjak97methodology,
    author = 	{Miodrag~Potkonjak and Kyosun~Kim and Ramesh~Karri},
    title = 	{Methodology for Behavioral Synthesis-Based Algorithm-Level Design Space 
    					 Exploration: {DCT} Case Study},
    booktitle = {Design Automation Conference},
    pages = 	{252-257},
    year = 		{1997},
    url = 		{citeseer.ist.psu.edu/potkonjak97methodology.html}
}

@Article{dct,
  author = 	 {N~Ahmed and T~Natarajan and K~Rao},
  title = 	 {Discrete Cosine Transform},
  journal =  {IEEE Transactions on Computers},
  year = 	 	 {1974},
  volume ={C-23},
  number ={9093},
  month = {January}
}

@Misc{marsyas,
  key = 	 {Marsyas},
  author = 	 {George~Tzanetakis},
  title = 	 {MARSYAS: a software framework for computer audition},
  howpublished = {Web page},
  month = 	 {October},
  year = 	 {2003},
  note = 	 {http://marsyas.sourceforge.net/}
}

@InProceedings{mcnemar,
  author = 	 {L~Gillick and Stephen~Cox},
  title = 	 {Some Statistical Issues in the Comparison of Speech Recognition Algorithms},
  booktitle = 	 {IEEE Conference on Accoustics, Speech and Signal Processing},
  pages = 	 {532-535},
  year = 	 {1989}
}


